@BOOK{DI2003,
author= {Roger Evertt},
editor = {},
title = {Diffusion of Innovations},
publisher ={Free Press, A Division of Simon and Schuster,Inc.},
year={2003},
edition = {fifth},
otherinfo={}
}

@MISC{CONGRESSPIC,
title={Congress Building Picture},
author={Michael Kraus},
howpublished={\url{http://www.totalmortgage.com/blog/mortgage-rates/congress-needs-to-extend-the-mortgage-forgiveness-debt-relief-act-before-it-is-too-late/16258&docid=5gdxHCl0QwL8bM&}},
note={Accessed: 10/16/2012}
}

@MISC{STATEOFUNIONPIC,
title={State of the Union Picture},
author={Ken Silverstein},
howpublished={\url{http://www.harpers.org/media/image/blogs/misc/state_of_the_union.jpg&w=515&h=337&}},
note={Accessed: 10/16/2012}
}
 